%%%%%%%%%%%%%%%%%%%%%%%%%%%%%%%%%%%%%%%%%%%%%%%%%%%%%%%%%%%%%%%%%%%%%%%%%%%%%%%%
% BIBLIOGRAFÍA                                                                 %
%                                                                              %
% Objetivo: Recopilar las referencias a información utilizadas y/o algunas     %
%           otras que puedan resultar interesantes                             %
%%%%%%%%%%%%%%%%%%%%%%%%%%%%%%%%%%%%%%%%%%%%%%%%%%%%%%%%%%%%%%%%%%%%%%%%%%%%%%%%




@misc{dream_project,
  title = {D.R.E.A.M. Project},
  howpublished = {\url{http://www.robotsthatdream.eu/}},
  note = {Accessed: 2016-15-6}
}

@article{de_YINa_f2002,
	Author = {de Cheveign{\'e}, A. and Kawahara, H.},
	Date-Added = {2014-06-25 07:11:41 +0000},
	Date-Modified = {2014-06-25 07:41:59 +0000},
	Journal = {J Acoust Soc Am},
	Pages = {1917-1930},
	Title = {YIN, a fundamental frequency estimator for speech and music},
	Url = {http://audition.ens.fr/adc/pdf/2002\_JASA\_YIN.pdf},
	Volume = {111},
	Year = {2002}
}


@misc{JSFGGrammar,
  title = {JSpeech Grammar Format},
  howpublished = {\url{https://www.w3.org/TR/jsgf/}},
  note = {Accessed: 2016-08-6}
}
@misc{cmusphinx,
  title = {CMU Sphinx Open Source speech recognition kit},
  howpublished = {\url{http://cmusphinx.sourceforge.net/}},
  note = {Accessed: 2016-08-6}
}
@misc{gmailbg,
  title = {Gmail Background Library},
  howpublished = {\url{https://github.com/yesidlazaro/GmailBackground}},
  note = {Accessed: 2016-08-4}
}

@misc{RoboboFramework,
  title = {Robobo Framework},
  howpublished = {\url{https://bitbucket.org/mytechia/robobo-framework}},
  note = {Accessed: 2016-08-13}
}


@misc{Ros,
  title = {Robot Operating System (ROS)},
  howpublished = {\url{http://www.ros.org/}},
  note = {Accessed: 2016-08-14}
}

@misc{ifr-service-robots,
  title = {Definition of Service Robots},
  howpublished = {\url{http://www.ifr.org/service-robots/
}},
  note = {Accessed: 2016-08-19}
}
@misc{vwaccident2015,
  title = {Worker at Volkswagen plant killed in robot accident},
  howpublished = {\url{http://www.ft.com/cms/s/0/0c8034a6-200f-11e5-aa5a-398b2169cf79.html}},
  note = {Accessed: 2016-08-19}
}




@misc{parorobots,
  title = {Paro robots},
  howpublished = {\url{http://www.parorobots.com/index.asp}},
  note = {Accessed: 2016-08-19}
}

@misc{naorobots,
  title = {Nao robot, Aldebaran robotics},
  howpublished = {\url{https://www.ald.softbankrobotics.com/en/cool-robots/nao/find-out-more-about-nao}},
  note = {Accessed: 2016-08-19}
}

@misc{scratch,
  title = {Scratch Language project main page},
  howpublished = {\url{https://scratch.mit.edu/}},
  note = {Accessed: 2016-08-20}
}

@misc{aibo,
  title = {Sony Aibo | The History of the Robotic Dog },
  howpublished = {\url{http://www.sony-aibo.com/}},
  note = {Accessed: 2016-08-21}
}

@misc{itseez2015opencv,
  title={Open Source Computer Vision Library},

  year={2015},
  howpublished = {\url{https://github.com/opencv}}
}


@misc{bitbloq,
  title={Lenguaje Gráfico Bitbloq},

  note = {Accessed: 2016-08-28}
  howpublished = {\url{http://bitbloq.bq.com/}}
}





@inproceedings{six2014tarsosdsp,
  author      = {Joren Six and Olmo Cornelis and Marc Leman},
  title       = {{TarsosDSP, a Real-Time Audio Processing Framework in Java}},
  booktitle   = {{Proceedings of the 53rd AES Conference (AES 53rd)}}, 
  year        =  2014
}

@article{goodrich2007human,
  title={Human-robot interaction: a survey},
  author={Goodrich, Michael A and Schultz, Alan C},
  journal={Foundations and trends in human-computer interaction},
  volume={1},
  number={3},
  pages={203--275},
  year={2007},
  publisher={Now Publishers Inc.}
}

@article{corrales2012cooperative,
  title={Cooperative tasks between humans and robots in industrial environments},
  author={Corrales Ram{\'o}n, Juan Antonio and Garc{\'\i}a G{\'o}mez, Gabriel Jes{\'u}s and Torres Medina, Fernando and Perdereau, V{\'e}ronique},
  year={2012},
  publisher={InTech}
}